<?xml version="1.0" encoding="UTF-8"?><collection xmlns="http://www.loc.gov/MARC21/slim"><record><leader>00444nam--2200133-i-4500</leader><controlfield tag="001">000009377</controlfield><controlfield tag="002">20161230</controlfield><controlfield tag="005">20170302180317</controlfield><controlfield tag="008">060222s1000------------r-----000-0-eng-d</controlfield><datafield ind1=" " ind2=" " tag="245"><subfield code="a">Clasificarea internationala a brevetelor de in ventie - sectiunea h: electricitate armament si explozii</subfield></datafield><datafield ind1=" " ind2=" " tag="260"><subfield code="a">Bucuresti</subfield><subfield code="b">Institutul Central De Documentare Tehnica</subfield><subfield code="c">1970</subfield></datafield><datafield ind1=" " ind2=" " tag="300"><subfield code="a">XXXI + 185 p</subfield></datafield><datafield ind1=" " ind2=" " tag="852"><subfield code="a">608:53:531:621.3</subfield></datafield><datafield ind1=" " ind2=" " tag="CAT"><subfield code="a">SYS</subfield><subfield code="c">20170302</subfield><subfield code="h">180317</subfield></datafield></record></collection>